
@article{HARRIS2014427,
title = "The association of PM2.5 with full term low birth weight at different spatial scales",
journal = "Environmental Research",
volume = "134",
pages = "427 - 434",
year = "2014",
note = "Linking Exposure and Health in Environmental Public Health Tracking",
issn = "0013-9351",
doi = "https://doi.org/10.1016/j.envres.2014.05.034",
url = "http://www.sciencedirect.com/science/article/pii/S001393511400200X",
author = "Gerald Harris and W. Douglas Thompson and Edward Fitzgerald and Daniel Wartenberg",
keywords = "Low birth weight, Birth outcomes, Fine particulate matter, PM2.5, Spatial resolution, Temporal resolution"
}



@article{DiezRoux,
	Author = {Diez-Roux, A V},
	Journal = {American Journal of Public Health},
	Month = {02},
	Number = {2},
	Pages = {216--222},
	Title = {Bringing context back into epidemiology: variables and fallacies in multilevel analysis.},
	Volume = {88},
	Year = {1998}}


@article{Bryan,
	Author = {Williams, Bryan L and Pennock-Rom{\'a}n, Mar{\'\i}a and Suen, Hoi K and Magsumbol, Melina S and Ozdenerol, Esra},
	Journal = {Journal Of Exposure Science And Environmental Epidemiology},
	Month = {12},
	Pages = {445 EP  -},
	Title = {Assessing the impact of the local environment on birth outcomes: a case for HLM},
	Volume = {17},
	Year = {2006}}
